<?xml version="1.0" encoding="UTF-8"?><record xmlns="http://www.loc.gov/MARC21/slim" xmlns:cinclude="http://apache.org/cocoon/include/1.0" xmlns:zs="http://www.loc.gov/zing/srw/">
  <leader>00714cz  a2200193n  4500</leader>
  <controlfield tag="001">nr 96018394 </controlfield>
  <controlfield tag="003">DLC</controlfield>
  <controlfield tag="005">20130504075453.0</controlfield>
  <controlfield tag="008">960515n| azannaabn          |a aaa     c</controlfield>
  <datafield tag="010" ind1=" " ind2=" ">
    <subfield code="a">nr 96018394 </subfield>
  </datafield>
  <datafield tag="035" ind1=" " ind2=" ">
    <subfield code="a">(OCoLC)oca04084105</subfield>
  </datafield>
  <datafield tag="040" ind1=" " ind2=" ">
    <subfield code="a">UPB</subfield>
    <subfield code="b">eng</subfield>
    <subfield code="e">rda</subfield>
    <subfield code="c">UPB</subfield>
    <subfield code="d">DLC</subfield>
    <subfield code="d">IEN</subfield>
  </datafield>
  <datafield tag="046" ind1=" " ind2=" ">
    <subfield code="f">1872</subfield>
  </datafield>
  <datafield tag="100" ind1="1" ind2=" ">
    <subfield code="a">Freeman, C. R.</subfield>
    <subfield code="q">(Columbus R.),</subfield>
    <subfield code="d">1872-</subfield>
  </datafield>
  <datafield tag="378" ind1=" " ind2=" ">
    <subfield code="q">Columbus R.</subfield>
  </datafield>
  <datafield tag="400" ind1="1" ind2=" ">
    <subfield code="w">nnea</subfield>
    <subfield code="a">Freeman, C. R.</subfield>
    <subfield code="q">(Columbus R.),</subfield>
    <subfield code="d">b. 1872</subfield>
  </datafield>
  <datafield tag="400" ind1="1" ind2=" ">
    <subfield code="a">Freeman, Columbus R.,</subfield>
    <subfield code="d">1872-</subfield>
  </datafield>
  <datafield tag="670" ind1=" " ind2=" ">
    <subfield code="a">Pioneers of the trail ... 1959</subfield>
    <subfield code="b">(name does not appear; referred to as "Mrs. Freeman's husband" on jkt.; Artie Elizabeth Freeman wrote down his narration)</subfield>
  </datafield>
  <datafield tag="670" ind1=" " ind2=" ">
    <subfield code="a">RLIN, 5/15/96</subfield>
    <subfield code="b">(hdg.: Freeman, C. R., (Columbus R.), 1872-)</subfield>
  </datafield>
</record>